@misc{DMM_Video_ElectroNoobs ,
author = {ElectroNoobs},
title = {ARDUINO 5 IN 1 MULTIMETER V2.0},
howpublished = {Available at \url{http://electronoobs.com/eng_arduino_tut112.php} (2019/11/29)}
}

@misc{Protecting_ADC_Inputs_AN ,
author = {Alan Walsh},
title = {Protecting ADC Inputs},
howpublished = {Available at \url{https://www.analog.com/en/technical-articles/protecting-adc-inputs.html}}
}

@misc{Digital_multimeter_circuit_using_ICL7107 ,
author = {Apichet Garaipoom},
title = {Digital multimeter circuit using ICL7107},
howpublished = {Available at \url{https://www.eleccircuit.com/digital-multimeter-circuit-using-icl7107/} (2022/08/16)}
}

@misc{AN-202_A_Digital_Multimeter_Using_the_ADD3501 ,
author = {Texas Instruments},
title = {AN-202 A Digital Multimeter Using the ADD3501},
howpublished = {Available at \url{https://www.ti.com/lit/an/snoa592c/snoa592c.pdf?ts=1698230599203&ref_url=https%253A%252F%252Fwww.ti.com%252Fsitesearch%252Fde-de%252Fdocs%252Funiversalsearch.tsp%253FlangPref%253Dde-DE%2526searchTerm%253Dmultimeter%2526nr%253D5689} (2015/02)}
}